<record><leader>00000cas a22000007a 4500</leader><controlfield tag="001">13415972</controlfield><controlfield tag="008">860410d185918uuwvuwr ne      0    0eng d</controlfield><datafield ind1=" " ind2=" " tag="010"><subfield code="a">sn 86092460 </subfield></datafield><datafield ind1=" " ind2=" " tag="040"><subfield code="a">WVC</subfield><subfield code="b">eng</subfield><subfield code="c">WVC</subfield><subfield code="d">DLC</subfield><subfield code="d">OCL</subfield><subfield code="d">OCLCQ</subfield></datafield><datafield ind1="0" ind2="0" tag="245"><subfield code="a">Northwestern Virginia Baptist.</subfield></datafield><datafield ind1=" " ind2=" " tag="260"><subfield code="a">Parkersburg, Va. [W. Va.] :</subfield><subfield code="b">Committee for the North Western Virginia Baptist Association</subfield></datafield><datafield ind1=" " ind2=" " tag="300"><subfield code="a">v.</subfield></datafield><datafield ind1=" " ind2=" " tag="310"><subfield code="a">Weekly</subfield></datafield><datafield ind1="1" ind2=" " tag="362"><subfield code="a">Began in 1859?</subfield><subfield code="z">Cf. Norona and Shetler. W. Va. Imprints.</subfield></datafield><datafield ind1=" " ind2=" " tag="500"><subfield code="a">Editor: D.B. Purinton, 1859; Charles Rhodes, 1860.</subfield></datafield><datafield ind1=" " ind2=" " tag="588"><subfield code="a">Description based on: Vol. 1, no. 26 (July 12, 1860).</subfield></datafield><datafield ind1=" " ind2=" " tag="752"><subfield code="a">United States</subfield><subfield code="b">West Virginia</subfield><subfield code="c">Wood</subfield><subfield code="d">Parkersburg.</subfield></datafield></record>